@inproceedings{greene06icml,
	Author = {Derek Greene and P\'{a}draig Cunningham},
	Booktitle = {Proc. 23rd International Conference on Machine learning (ICML'06)},
	Pages = {377--384},
	Publisher = {ACM Press},
	Title = {Practical Solutions to the Problem of Diagonal Dominance in Kernel Document Clustering},
	Year = {2006}}

@inproceedings{madhuri2019extractive,
  title={Extractive Text Summarization Using Sentence Ranking},
  author={Madhuri, JN and Kumar, R Ganesh},
  booktitle={2019 International Conference on Data Science and Communication (IconDSC)},
  pages={1--3},
  year={2019},
  organization={IEEE}
}

@online{businessPersonnel,
  title        = {How does business leaders start their day?},
  url = {https://economictimes.indiatimes.com/nation-world/how-does-business-leaders-start-their-day/warren-buffett-and-his-news-views/slideshow/54424743.cms},
  note         = {Accessed: 2021-02-22},
}

@online{newsmonitoring,
  title        = {10 Affordable News Monitoring Tools to Keep You in the Know},
  url = {https://brand24.com/blog/news-monitoring-tools/},
  note         = {Accessed: 2021-02-22},
}

@article{gupta2010survey,
  title={A survey of text summarization extractive techniques},
  author={Gupta, Vishal and Lehal, Gurpreet Singh},
  journal={Journal of emerging technologies in web intelligence},
  volume={2},
  number={3},
  pages={258--268},
  year={2010},
  publisher={Citeseer}
}

@article{LegoNet,
        author={Acharya,H. R. and Bhat,A. D. and Avinash,K. and Srinath,R.},
        year={2020},
        title={LegoNet - Classification and extractive summarization of Indian legal judgments with Capsule Networks and Sentence Embeddings},
        journal={Journal of Intelligent and Fuzzy Systems},
        volume={39},
        number={2},
        pages={2037-2046},
        language={English},
        url={www.scopus.com},
}

@article{topicmodelingSummarization,
        author={Roul,R. K.},
        year={2021},
        title={Topic modeling combined with classification technique for extractive multi-document text summarization},
        journal={Soft Computing},
        volume={25},
        number={2},
        pages={1113-1127},
        language={English},
        url={www.scopus.com},
}

@inproceedings{macqueen1967some,
  title={Some methods for classification and analysis of multivariate observations},
  author={MacQueen, James and others},
  booktitle={Proceedings of the fifth Berkeley symposium on mathematical statistics and probability},
  volume={1},
  number={14},
  pages={281--297},
  year={1967},
  organization={Oakland, CA, USA}
}

@book{goodfellow2016deep,
  title={Deep learning},
  author={Goodfellow, Ian and Bengio, Yoshua and Courville, Aaron and Bengio, Yoshua},
  volume={1},
  number={2},
  year={2016},
  publisher={MIT press Cambridge}
}

@online{ibmDeepLearning,
  title        = {Deep Learning},
  url = {https://www.ibm.com/cloud/learn/deep-learning},
  note         = {Accessed: 2021-03-06},
}

@online{deepAiDeepLearning,
  title        = {Deep Learning},
  url = {https://deepai.org/machine-learning-glossary-and-terms/deep-learning},
  note         = {Accessed: 2021-03-06},
}

@online{ann,
  title        = {A Guide to Deep Learning and Neural Networks},
  url = {https://serokell.io/blog/deep-learning-and-neural-network-guide},
  note         = {Accessed: 2021-03-06},
}

@article{xia2015learning,
  title={Learning similarity with cosine similarity ensemble},
  author={Xia, Peipei and Zhang, Li and Li, Fanzhang},
  journal={Information Sciences},
  volume={307},
  pages={39--52},
  year={2015},
  publisher={Elsevier}
}

@online{nss,
  title        = {An Intuitive Understanding of Word Embeddings: From Count Vectors to Word2Vec},
  url = {https://www.analyticsvidhya.com/blog/2017/06/word-embeddings-count-word2veec/},
  note         = {Accessed: 2021-03-08},
}

@unpublished{tfidf,
  author = {Marco Kuhlmann},
  title  = {Information Retrieval},
  year   = {2021},
  note = {slide No.43-51}
}

@online{textrank,
  title        = {TextRank for Text Summarization},
  url = {https://iq.opengenus.org/textrank-for-text-summarization/},
  note         = {Accessed: 2021-03-09},
}

@article{hossin2015review,
  title={A review on evaluation metrics for data classification evaluations},
  author={Hossin, Mohammad and Sulaiman, MN},
  journal={International Journal of Data Mining \& Knowledge Management Process},
  volume={5},
  number={2},
  pages={1},
  year={2015},
  publisher={Academy \& Industry Research Collaboration Center (AIRCC)}
}